<record><leader>00000cas a22000007a 4500</leader><controlfield tag="001">42899922</controlfield><controlfield tag="008">991130d19361936vausr ne      0    0eng d</controlfield><datafield ind1=" " ind2=" " tag="010"><subfield code="a">sn 99066988 </subfield></datafield><datafield ind1=" " ind2=" " tag="040"><subfield code="a">NVK</subfield><subfield code="b">eng</subfield><subfield code="c">NVK</subfield><subfield code="d">OCLCQ</subfield><subfield code="d">OCLCF</subfield><subfield code="d">OCLCO</subfield><subfield code="d">OCLCA</subfield><subfield code="d">NVK</subfield></datafield><datafield ind1=" " ind2=" " tag="042"><subfield code="a">msc</subfield></datafield><datafield ind1=" " ind2=" " tag="043"><subfield code="a">n-us-va</subfield></datafield><datafield ind1="0" ind2=" " tag="130"><subfield code="a">Lighthouse (Cape Henry, Va.)</subfield></datafield><datafield ind1="1" ind2="4" tag="245"><subfield code="a">The Lighthouse.</subfield></datafield><datafield ind1=" " ind2=" " tag="260"><subfield code="a">Cape Henry, Va. :</subfield><subfield code="b">C.C.C. Co. 1371,</subfield><subfield code="c">1936-</subfield></datafield><datafield ind1=" " ind2=" " tag="300"><subfield code="a">v.</subfield></datafield><datafield ind1=" " ind2=" " tag="310"><subfield code="a">Semimonthly</subfield></datafield><datafield ind1="0" ind2=" " tag="362"><subfield code="a">Vol. 1, no. 1 (Jan. 17, 1936)-</subfield></datafield><datafield ind1="1" ind2=" " tag="362"><subfield code="a">Ceased in 1936.</subfield><subfield code="z">Cf. Rudeen, M.C.C.C. Camp Papers.</subfield></datafield><datafield ind1=" " ind2=" " tag="500"><subfield code="a">S.P.-8-Va.</subfield></datafield><datafield ind1=" " ind2=" " tag="500"><subfield code="a">Cape Henry was located in Virginia Beach.</subfield></datafield><datafield ind1=" " ind2=" " tag="530"><subfield code="a">Available on microfiche from the Center for Research Libraries.</subfield></datafield><datafield ind1=" " ind2=" " tag="530"><subfield code="a">Available on Virginia Chronicle.</subfield></datafield><datafield ind1=" " ind2=" " tag="580"><subfield code="a">C.C.C. Co. 1371 later published: Jeffersonian (Speedwell, Va.).</subfield></datafield><datafield ind1=" " ind2=" " tag="588"><subfield code="a">Latest issue consulted: Apr. 14, 1936.</subfield></datafield><datafield ind1="2" ind2="0" tag="610"><subfield code="a">Civilian Conservation Corps (U.S.)</subfield><subfield code="v">Newspapers.</subfield></datafield><datafield ind1=" " ind2="0" tag="651"><subfield code="a">Virginia Beach (Va.)</subfield><subfield code="v">Newspapers.</subfield></datafield><datafield ind1="2" ind2="7" tag="610"><subfield code="a">Civilian Conservation Corps (U.S.)</subfield><subfield code="2">fast</subfield><subfield code="0">(OCoLC)fst00536299</subfield></datafield><datafield ind1=" " ind2="7" tag="651"><subfield code="a">Virginia</subfield><subfield code="z">Virginia Beach.</subfield><subfield code="2">fast</subfield><subfield code="0">(OCoLC)fst01208712</subfield></datafield><datafield ind1=" " ind2="7" tag="655"><subfield code="a">Newspapers.</subfield><subfield code="2">fast</subfield><subfield code="0">(OCoLC)fst01423814</subfield></datafield><datafield ind1="2" ind2=" " tag="710"><subfield code="a">Civilian Conservation Corps (U.S.).</subfield><subfield code="b">Company 1371 (Cape Henry, Va.)</subfield></datafield><datafield ind1=" " ind2=" " tag="752"><subfield code="a">United States</subfield><subfield code="b">Virginia</subfield><subfield code="d">Virginia Beach.</subfield></datafield><datafield ind1="1" ind2=" " tag="787"><subfield code="t">Jeffersonian (Speedwell, Va.)</subfield><subfield code="w">(DLC)sn 99066990</subfield></datafield><datafield ind1="4" ind2="1" tag="856"><subfield code="u">https://www.virginiachronicle.com</subfield></datafield><datafield ind1="1" ind2=" " tag="029"><subfield code="a">AU@</subfield><subfield code="b">000021237386</subfield></datafield></record>